3225 5275
439 1576 654 1685 Hanc
699 1620 1322 1691 commentationem
1367 1624 1440 1685 ut
1486 1622 1859 1700 scriberem,
1906 1622 2163 1687 duabus
2203 1643 2280 1687 ex
2321 1626 2535 1689 causis
2565 1646 2745 1690 com-

251 1732 458 1793 motus
505 1750 670 1794 sum.
759 1731 855 1793 Ac
896 1724 1192 1811 'primum
1255 1732 1518 1812 quidem
1568 1731 1998 1795 elocutionem
2046 1734 2115 1797 L.
2154 1734 2409 1798 Annaei
2457 1735 2745 1799 Senecae

250 1842 474 1919 poetae
519 1839 747 1919 tragici
793 1839 875 1903 ad
922 1858 1196 1903 casuum
1255 1860 1448 1903 usum
1509 1840 1942 1921 pertinentem
1996 1860 2193 1923 quam
2252 1842 2744 1906 accuratissime

247 1946 630 2035 investigare
676 1947 833 2011 mihi
881 1950 945 2012 in
991 1949 1212 2013 animo
1261 1952 1428 2027 erat,
1497 1951 1570 2011 ut
1634 1948 1878 2029 aliquid
1927 1949 2287 2013 conferrem
2344 1951 2427 2014 ad
2476 1952 2738 2015 histori-

241 2036 378 2119 cam
425 2056 684 2137 linguae
729 2057 969 2121 latinae
1013 2057 1508 2139 grammaticam
1557 2057 1991 2121 tractandam.
2078 2056 2329 2123 Deinde
2374 2060 2622 2141 aliquid
2669 2060 2733 2122 in

240 2162 522 2228 medium
567 2184 673 2227 me
716 2165 1064 2244 protulisse
1107 2169 1267 2246 puto
1326 2166 1412 2227 ad
1475 2166 1927 2247 quaestionem
1997 2156 2171 2229 illam
2226 2167 2734 2247 diiudicandam,

235 2293 388 2336 num
433 2293 660 2337 omnes
704 2274 1098 2355 tragoediae,
1145 2294 1310 2355 quas
1356 2274 1480 2336 sub
1533 2274 1825 2337 Senecae
1890 2275 2155 2339 nomine
2220 2276 2573 2355 habemuS,
2647 2278 2731 2340 ab

233 2400 366 2443 uno
413 2380 774 2462 eodemque
821 2380 1135 2461 scriptore
1206 2381 1616 2462 conscriptae
1670 2382 1799 2445 sint
1865 2401 2088 2445 necne.
2182 2382 2525 2448 Octaviam
2587 2384 2731 2465 qui-

231 2490 377 2553 dem
415 2474 717 2554 'fabulam
787 2509 920 2553 non
993 2508 1032 2552 a
1094 2490 1341 2555 Seneca
1409 2509 1552 2554 esse
1609 2492 1775 2553 inter
1818 2482 2047 2574 omnes
2095 2494 2371 2570 constat,
2434 2495 2728 2556 attamen

227 2619 362 2664 non
427 2618 992 2682 supervacaneum
1058 2619 1201 2663 esse
1243 2603 1404 2681 puto
1451 2603 1801 2678 annotare,
1875 2620 2043 2683 quae
2112 2601 2179 2664 in
2224 2600 2347 2665 hac
2397 2602 2733 2684 tragoedia
2822 2599 2829 2617 ¹

226 2711 313 2773 ad
359 2730 634 2774 casuum
700 2729 891 2773 usum
947 2709 1338 2790 pertinentia
1400 2709 1638 2774 inveni.
1756 2709 2174 2803 Caeterarum
2247 2711 2731 2792 tragoediarum

221 2819 510 2892 Richter,
557 2819 668 2900 qui
712 2819 777 2880 in
825 2817 1280 2882 dissertatione
1311 2839 1433 2881 sua
1479 2818 1578 2896 ‚de
1607 2819 1895 2882 Senecae
1922 2819 2409 2900 tragoediarum
2440 2825 2726 2884 auctore‘

220 2929 443 3010 (1862)
485 2927 840 3008 praecipue
884 2928 966 2990 de
1009 2927 1203 2990 rebus
1248 2927 1659 3009 prosodiacis
1705 2933 1768 2990 et
1814 2927 2097 2991 metricis
2152 2928 2314 3010 agit,
2373 2928 2723 3010 Oedipum,

215 3040 823 3116 Agamemnonem,
893 3035 1237 3100 Herculem
1310 3035 1628 3099 Oetaeum
1678 3057 1716 3100 a
1760 3037 2011 3101 Seneca
2055 3036 2419 3115 abiudicat,
2496 3037 2612 3100 sed
2684 3058 2725 3102 a

211 3142 409 3226 parte
451 3145 624 3208 hanc
669 3145 1062 3208 sententiam
1124 3145 1430 3208 refutavit
1487 3143 1561 3206 P.
1608 3143 1991 3208 Habrucker
2035 3144 2535 3225 (Quaestionum
2584 3147 2724 3209 An-
2768 3201 2806 3226 υ

208 3273 540 3317 naearum
585 3254 799 3335 capita
842 3253 922 3315 IV
971 3253 1337 3334 Regimenti
1403 3252 1799 3316 Prussorum
1857 3253 2043 3336 1873)
2111 3253 2219 3334 qui
2284 3258 2346 3317 et
2399 3254 2726 3336 Oedipum

203 3366 270 3425 et
321 3363 890 3442 Agamemnonem
938 3363 1254 3425 Senecam
1312 3361 1557 3424 habere
1613 3353 1947 3426 auctorem
2006 3362 2357 3426 contendit.
2448 3363 2532 3424 At
2575 3383 2723 3426 cum

197 3469 488 3534 Richter
532 3470 703 3535 hanc
749 3469 1200 3553 quaestionem
1273 3469 1355 3532 ad
1415 3471 1612 3533 finem
1676 3489 1745 3532 se
1812 3470 2198 3550 perducerex
2225 3490 2421 3552 posse
2464 3475 2725 3551 putaret.
2800 3499 2805 3506 ·

192 3579 655 3661 perquirendo
703 3584 764 3642 et
810 3579 1257 3660 comparando
1305 3578 1471 3641 inter
1516 3597 1586 3642 se
1634 3579 1923 3658 singulas
1969 3579 2224 3642 fabulas
2272 3579 2336 3641 in
2385 3579 2565 3642 omni
2612 3599 2722 3659 ge-

189 3708 368 3752 nere
415 3687 702 3768 dicendi,
756 3670 1139 3752 Habrucker
1184 3691 1386 3751 artem
1437 3687 1809 3752 scaenicam
1858 3687 2175 3768 gravioris
2224 3688 2535 3750 momenti
2582 3707 2723 3752 esse

189 3797 472 3861 censuit
516 3802 580 3861 et
623 3798 748 3861 hac
793 3797 1047 3860 ratione
1091 3796 1441 3859 Herculem
1502 3795 1820 3859 Oetaeum
1895 3799 2183 3859 Senecae
2238 3795 2489 3875 legibus
2536 3817 2721 3860 scae-

181 3905 370 3968 nicis
420 3925 554 3968 non
599 3905 996 3986 respondere
1041 3904 1309 3967 invenit.
1395 3904 1616 3984 Atque
1662 3922 1794 3965 non
1840 3907 2047 3967 totam
2095 3904 2383 3967 fabulam
2423 3905 2718 3986 >spuriam

174 4033 352 4078 esse
403 4018 588 4078 ratus
633 4015 982 4094 genuinam
1033 4013 1312 4076 formam
1357 4013 1658 4092 detegere
1702 4013 1971 4076 studuit.
2037 4013 2167 4075 Sed
2212 4031 2361 4075 mea
2400 4015 2719 4076 sententia

173 4123 450 4186 ambae
494 4123 915 4204 perquirendi
971 4123 1114 4186 viae
1175 4117 1671 4202 coniungendae
1734 4125 1885 4184 sunt
1947 4125 2145 4202 atque
2210 4125 2347 4184 arte
2419 4122 2719 4184 scaenica

167 4250 365 4297 sane
416 4252 548 4295 non
595 4232 890 4314 neglecta
934 4231 1132 4295 etiam
1179 4251 1280 4294 res
1326 4229 1787 4314 prosodiacae‚
1850 4229 2183 4305 metricae,
2246 4229 2713 4309 grammaticae

155 4340 752 4422 pervestigandae
796 4343 966 4418 sunt,
1013 4345 1087 4403 ut
1129 4339 1256 4403 hoc
1301 4339 1501 4402 modo
1546 4337 1828 4418 perspici
1872 4338 2101 4418 possit,
2148 4356 2309 4400 num
2352 4337 2454 4399 his
2502 4338 2715 4401 omni-

155 4450 344 4512 bus-
374 4449 446 4513 in
490 4449 685 4513 rebus
732 4450 898 4512 tales
945 4447 1417 4530 discrepantiae
1482 4450 1738 4510 exstent
1790 4447 1957 4510 inter
2008 4445 2352 4509 Herculem
2399 4445 2713 4510 Oetaeum

150 4562 237 4620 et
297 4562 562 4622 ceteras
606 4559 882 4636 fabulas,
930 4560 999 4619 ut
1047 4543 1285 4625 omnes
1322 4575 1455 4619 non
1502 4555 1586 4618 ab
1632 4575 1765 4641 uno
1812 4555 2178 4635 eodemque
2208 4554 2527 4634 scriptore
2556 4573 2715 4616 con-

143 4666 483 4748 scriptas
531 4687 674 4730 esse
719 4671 1053 4755 appareat.
1154 4666 1348 4728 Hanc
1414 4665 1580 4727 viam
1651 4663 1782 4726 iam
1844 4663 2173 4744 ingressus
2246 4667 2344 4724 est
2413 4663 2543 4724 Leo
2608 4663 2715 4742 (dc

2281 4778 2309 4832 l
