3225 5275
1469 331 1482 342 ²
1529 349 1563 405 7

293 513 474 589 cunt,
522 508 778 591 omitto)
827 510 1115 587 ,affla.re‘:
1166 510 1370 593 (apud
1413 510 1546 575 Liv.
1593 511 1783 591 Verg.
1832 511 1985 591 Ov.)
2030 512 2220 575 Herc,
2256 511 2397 575 Oet.
2430 518 2587 573 1442
2619 532 2802 593 sequ.

295 638 437 695 ,ora
482 618 832 682 Phoebeus
877 619 1076 682 modo
1121 620 1144 702 l
1187 619 1458 683 afflabat
1504 620 1687 684 axis‘.
1733 658 1805 665 —
1858 620 2204 697 ,invadere‘
2232 620 2360 685 Cic,
2394 641 2542 684 cum
2582 640 2803 701 praep.

295 728 405 805 ,in‘
452 727 714 791 duobus
758 731 1016 792 tantum
1061 728 1220 791 locis
1265 730 1552 811 exceptis
1599 729 1706 811 (cf.
1769 728 2099 805 Kfihnast,
2164 730 2269 793 die
2330 730 2803 811 Hauptpunkte

295 837 414 900 der
457 836 883 901 livianischen
929 839 1200 918 Syntax‘
1247 856 1396 917 pag.
1450 840 1594 919 146)
1642 838 1826 917 Verg.
1876 842 1944 901 et
1984 839 2106 902 Ov.
2154 838 2515 903 et·‘Seneca
2544 858 2803 919 semper

290 945 636 1008 transitive
691 950 1083 1015 construunt
1142 946 1218 1008 cf.
1283 946 1470 1009 Herc.
1518 946 1639 1011 fur.
1686 952 1793 1022 61;
1868 948 2032 1010 Med.
2080 953 2233 1023 4243
2306 947 2466 1011 Oed.
2514 953 2631 1009 659
2679 951 2801 1011 etc.

293 1054 456 1118 Item
531 1044 813 1129 ,intrare
903 1059 1176 1136 excepto
1241 1055 1382 1118 Oct.
1446 1061 1567 1117 417
1640 1075 1899 1137 semper
1961 1057 2409 1121 accusativum
2481 1056 2799 1121 adsciscit.

293 1163 508 1227 Etiam
555 1164 675 1227 Ov,
721 1164 1050 1227 rarissime
1097 1164 1651 1251 praepositionem
1696 1165 1897 1242 addit,
1962 1166 2150 1245 Verg.
2197 1170 2260 1229 et
2303 1167 2437 1230 Liv.
2484 1166 2609 1229 hoc
2653 1185 2799 1228 ver-

291 1274 452 1336 bum
501 1292 758 1354 semper
801 1272 1522 1355 transitiveusurpant,
1568 1274 1762 1337 ceteri
1808 1277 1870 1337 et
1913 1273 2248 1338 transitive
2280 1280 2346 1339 et
2371 1274 2799 1339 intransitive.

290 1382 366 1445 cf.
413 1382 622 1446 Here.
650 1382 770 1444 fur.
817 1386 966 1456 5333
1013 1382 1211 1444 Phdr.
1257 1387 1406 1458 6613
1454 1382 1612 1447 Oed.
1659 1388 1805 1461 120;
1852 1383 1937 1446 ib.
1984 1388 2133 1459 2253
2179 1378 2344 1446 Med.
2376 1388 2517 1446 610.
2563 1383 2799 1447 Mirum

289 1496 410 1569 est,
459 1490 714 1573 quoties
759 1490 885 1554 hoc
932 1490 1208 1554 verbum
1253 1490 1320 1553 in
1366 1490 1506 1578 Oct.
1555 1493 1619 1555 et
1662 1492 1853 1563 Herc.
1902 1491 2042 1555 Oet.
2076 1495 2438 1573 repetatur:
2486 1490 2627 1556 Oct.
2658 1496 2797 1569 150,

291 1606 445 1678 162,
495 1598 643 1676 277,
707 1605 826 1661 656
874 1599 1059 1665 Herc.
1107 1600 1246 1663 Oet.
1294 1604 1436 1677 538,
1484 1606 1625 1677 993,
1674 1606 1832 1662 1779
1883 1638 1955 1646 —
2008 1600 2359 1678 ‚excedere‘
2408 1620 2556 1663 cum
2602 1620 2797 1663 accu-

284 1709 506 1772 sativo
551 1728 686 1773 non
716 1708 893 1789 apud
919 1708 1050 1772 Cic.
1099 1708 1206 1788 (cf.
1253 1710 1480 1786 KrebS,
1530 1709 2014 1773 Antibarbarus
2044 1730 2097 1773 s.
2129 1710 2219 1787 V.)
2258 1709 2603 1786 invenitur,
2650 1728 2798 1772 sae-

282 1817 436 1898 pius
483 1816 660 1897 apud
707 1817 848 1881 Liv:
888 1816 1006 1881 ov.
1070 1817 1227 1880 Luc.
1291 1817 1368 1881 cf.
1431 1817 1587 1881 Oed.
1644 1823 1751 1892 233
1817 1817 1986 1900 Thy.
2059 1822 2180 1881 865
2261 1837 2442 1898 sequ.
2510 1818 2795 1896 ,sidera‘z

283 1927 482 1990 Herc.
529 1925 670 1990 Oet.
716 1932 826 2002 443
872 1926 955 1989 ib.
1003 1931 1144 2002 260,
1189 1925 1270 1989 ib.
1305 1932 1463 1987 1189
1501 1926 1817 2003 ,evadere‘
1848 1945 1995 1990 cum
2032 1926 2405 1990 accusativo
2435 1927 2551 2008 (ita
2579 1926 2795 2009 Verg.)

282 2035 484 2098 Herc.
534 2036 652 2099 fur.
705 2040 864 2098 1304
915 2038 1231 2113 ,metum‘;
1281 2035 1442 2098 Oed.
1493 2040 1683 2111 1001;
1730 2035 1917 2099 Herc.
1966 2034 2103 2098 Oet.
2156 2041 2334 2101 1433.
2424 2039 2794 2118 ‚pererrare‘

283 2144 540 2223 poetice
603 2143 885 2223 dictum,
954 2142 1284 2207 invenitur
1349 2143 1527 2223 apud
1588 2132 1795 2223 Verg.=
1826 2143 1943 2207 Ov.
2001 2144 2153 2207 Luc.
2202 2164 2352 2207 cum
2397 2144 2795 2233 accusative,

280 2253 440 2315 item
489 2252 666 2333 apud
713 2252 890 2316 Sen:
937 2252 1103 2317 Med.
1150 2258 1298 2317 368:
1347 2252 1514 2333 Thy.
1549 2258 1688 2315 500
1731 2272 1913 2333 sequ,
1956 2253 2145 2316 Herc.
2178 2253 2317 2317 Oet.
2355 2259 2512 2315 1632
2539 2253 2792 2329 =,diem‘.

282 2366 738 2448 ,praevertere‘
804 2362 1017 2441 (Verg.
1065 2361 1211 2441 Ov.)
1272 2360 1468 2425 Phdr.
1531 2366 1655 2423 254
1710 2365 1941 2439 ,morte
1994 2364 2217 2427 nefas‘.
2288 2400 2359 2408 -
2420 2362 2793 2441 ,transvehi,

282 2469 498 2553 (apud
545 2470 675 2534 Cic.
722 2470 922 2533 semel
965 2490 1116 2533 cum
1163 2490 1294 2533 acc.
1335 2469 1418 2532 de
1461 2471 1570 2533 fin.
1618 2475 1686 2545 5,
1737 2476 1831 2547 18,
1880 2477 1959 2532 49
2006 2471 2118 2534 ubi
2164 2490 2242 2533 ex
2290 2470 2579 2535 Homero
2626 2491 2794 2535 non-

283 2580 466 2644 nulla
509 2578 712 2644 latine
772 2579 958 2642 vertit
1011 2578 1088 2643 cf.
1136 2579 1424 2660 Draeger
1469 2599 1534 2660 p.
1580 2580 1727 2660 382)
1782 2579 1972 2643 Herc.
2030 2578 2150 2644 fur.
2197 2585 2316 2644 889
2364 2583 2793 2658 ,transvectus

283 2689 461 2752 vada
509 2689 804 2753 Tartari‘.
894 2687 1316 2765 ,antecedere
1365 2689 1545 2770 quod
1573 2709 1614 2751 a
1641 2689 1860 2752 multis
1890 2689 2317 2770 scriptoribus
2354 2693 2418 2752 et
2452 2689 2793 2753 transitive

283 2803 349 2861 et
393 2797 802 2862 intransitive
845 2802 1203 2878 usurpatur
1248 2797 1354 2879 (cf.
1400 2797 1668 2880 Krebs),
1742 2817 1782 2860 a
1834 2798 2083 2860 Seneca
2143 2817 2405 2879 semper
2456 2799 2792 2862 transitive

283 2907 636 2970 adhibetur
689 2907 869 2986 (item
916 2925 955 2968 a
989 2906 1279 2972 Caesare
1323 2905 1399 2969 cf.
1449 2906 1735 2986 Draeger
1777 2925 1881 2988 pg.
1930 2905 2077 2988 380)
2125 2907 2200 2969 cf.
2248 2907 2359 2968 Tr.
2410 2912 2569 2969 1147
2608 2907 2791 2988 ,Pyr-

280 3015 528 3090 rhum‘3
577 3014 824 3078 Phoen.
867 3021 1016 3093 249,
1063 3015 1254 3078 Herc.
1301 3014 1440 3078 Oet.
1491 3019 1587 3076 73.
1679 3014 1963 3092 ,anteire‘
2010 3033 2160 3077 cum
2202 3014 2578 3078 accusativo
2610 3015 2786 3098 (Ov.)

277 3125 403 3204 Ag.
452 3129 572 3186 453
623 3131 886 3198 ,naves‘.
1918 3207 1923 3212 η

490 3233 668 3296 Haec
732 3230 890 3295 mihi
965 3231 1270 3295 addenda
1337 3235 1492 3296 sunt
1559 3231 1641 3295 de
1704 3232 1917 3296 verbis
1978 3231 2402 3296 intransitiv-is
2448 3233 2786 3297 transitive

276 3342 638 3423 usurpatis.
728 3342 890 3424 Pars
914 3341 1080 3404 illius
1113 3341 1591 3423 discrepantiae
1623 3343 2023 3407 Graecorum
2057 3342 2405 3405 imitationi
2439 3343 2788 3408 tribuenda

277 3453 384 3512 est
427 3453 626 3531 atque
670 3470 814 3513 eam
860 3450 1140 3530 primam
1186 3451 1412 3514 affero:
1489 3451 1742 3526 ,iurare‘
1809 3451 1926 3533 (ita
1994 3451 2125 3515 Cic,
2184 3451 2367 3531 Verg.
2401 3451 2549 3516 .Ov.
2605 3453 2785 3535 Luc.)

276 3559 642 3622 Herc..fur.
690 3565 808 3621 712
855 3558 1050 3636 ,hunc
1095 3559 1309 3621 iurant
1355 3559 1506 3635 dei‘3
1565 3560 1673 3623 Tr.
1723 3565 1875 3636 391;
1945 3559 2112 3622 Med.
2162 3565 2195 3621 7
2243 3579 2422 3641 sequ,
2465 3561 2589 3642 Ag.
2638 3563 2785 3637 755;

272 3668 472 3730 Herc.
520 3667 662 3731 Oet.
714 3674 894 3731 1067.
941 3707 1012 3713 -
1065 3667 1332 3744 ,credor‘
1381 3668 1603 3751 (etiam
1653 3667 1805 3750 Ov.)
1850 3667 1957 3732 Tr.
2006 3675 2086 3731 34
2118 3689 2297 3750 sequ,
2334 3688 2785 3752 ,quaecunque

273 3776 590 3840 Phoebas
646 3815 689 3821 --
731 3786 748 3855 l
795 3777 968 3840 credi
1020 3815 1091 3822 -
1142 3776 1462 3858 praedixit
1508 3777 1704 3840 mala.
1764 3813 1833 3824 —-
1911 3783 2302 3860 ,properare‘
2374 3777 2551 3859 apud
2597 3779 2782 3860 Verg.

273 3885 404 3948 Ov.
457 3885 792 3949 transitive
858 3886 933 3948 cf.
997 3886 1186 3950 Herc.
1250 3886 1371 3949 fur.
1439 3891 1558 3947 867
1625 3905 1999 3967 ,properare
2059 3886 2315 3960 fatum‘;
2402 3886 2565 3954 Oed.
2634 3893 2783 3964 2113

271 3996 509 4072 ,flare“;
572 3994 749 4078 (Ov.)
795 3994 983 4058 Herc,
1030 3995 1148 4058 fur.
1199 3996 1316 4057 183
1379 4031 1462 4040 -
1507 3994 1734 4070 ,silere‘
1782 3995 2029 4058 Seneca
2076 4014 2225 4058 cum
2270 3996 2647 4060 accusativo
2692 3998 2779 4060 rei

271 4108 344 4168 et
389 4122 711 4184 personae
756 4103 1094 4183 coniungit
1136 4104 1253 4184 (ita
1296 4103 1493 4167 etiam
1523 4103 1653 4166 Cic,
1697 4104 1880 4183 Verg.
1914 4103 2061 4183 Ov.)
2089 4103 2169 4168 cf.
2201 4104 2307 4169 Tr.
2338 4111 2459 4168 234
2491 4105 2783 4182 ,merita‘3

266 4213 468 4275 Herc.
518 4211 658 4275 Oet.
710 4218 896 4290 1425;
941 4212 1027 4275 ib.
1072 4219 1150 4274 39
1196 4232 1342 4276 cum
1393 4231 1528 4276 acc.
1591 4231 1913 4294 personae
1976 4212 2172 4290 ,nulla
2208 4209 2320 4276 'me
2365 4213 2554 4276 tellus
2600 4215 2780 4280 silet‘.

268 4321 522 4384 Forma
564 4321 830 4402 passiva
875 4326 1087 4384 exstat
1133 4321 1330 4384 Phdr.
1379 4326 1498 4383 563
1546 4321 1881 4400 ,sileantur
1931 4321 2135 4386 aliae‘.
2225 4321 2385 4385 Item
2429 4323 2577 4388 Sen.
2624 4342 2781 4386 con-

267 4433 583 4509 gruenter
627 4447 772 4492 cuni
823 4428 1008 4508 Verg.
1057 4432 1120 4492 et
1165 4429 1284 4492 Ov.
1336 4429 1606 4492 verbum
1670 4429 1849 4511 quod
1910 4433 2007 4492 est
2053 4434 2349 4506 ,tacere‘
2398 4450 2545 4494 cum
2592 4450 2779 4495 accu-

265 4536 491 4600 sativo
537 4537 853 4601 construit
899 4536 1055 4619 (Cic.
1087 4538 1301 4601 solum
1348 4537 1799 4601 accusativum
1846 4537 2251 4618 pronominis
2297 4539 2623 4620 usurpat.)
2670 4541 2779 4604 Tr.

263 4653 348 4708 36
403 4650 687 4724 ,metus‘3
733 4647 901 4710 Med.
952 4651 1072 4708 233
1120 4646 1402 4724 ,ducem;
1448 4646 1647 4709 Phdr.
1696 4650 1818 4708 558
1851 4651 2261 4724 ,novercam‘.
2313 4648 2777 4711 Accusativum
