3225 5275
1367 300 1554 389 *451

477 463 838 544 ,trepidare‘
883 462 1219 527 transitive
1263 467 1647 545 usurpatum
1699 467 1823 527 est:
1890 461 2079 525 Herc.
2124 462 2265 525 Oet..
2315 467 2475 525 1058
2537 463 2779 545 (sapis-

273 571 440 635 sime
491 571 789 654 intrans)

478 682 779 760 ‚ingemo‘
827 700 975 744 cum
1023 682 1425 745 accusativo:
1475 681 1660 744 Herc.
1710 681 1851 744 Oet.
1904 666 2083 743 1785.

477 790 790 869 ,quiseere
837 808 984 853 cum
1033 791 1406 852 accusativo
1453 789 1641 853 Herc.
1674 788 1815 852 Oet.
1858 790 2031 851 1586.
2075 827 2147 835 -
2184 793 2343 870 ,pro‘
2391 808 2539 867 cum
2586 808 2780 852 accu-

268 897 522 969 sativo:
583 898 770 961 Here.
817 898 974 979 Oct,
1012 904 1149 976 770,
1213 918 1409 979 saepe
1455 918 1604 961 cum
1650 897 1973 975 vocativ0,
2036 897 2147 977 qui
2194 916 2385 961 casus
2434 897 2663 963 ceteris
2711 898 2775 959 in

267 1006 509 1071 fabulis
555 1027 688 1070 non
736 1012 1000 1089 apertus
1058 1011 1168 1070 est.
1255 1007 1326 1070 In
1373 1007 1823 1070 enuntiatione
1870 1026 1907 1069 a
1952 1008 2172 1082 verbo,
2218 1008 2397 1088 quod
2444 1008 2777 1084 est·,licet‘

271 1116 603 1205 pendente
651 1118 796 1179 Sen.
845 1116 1138 1179 dativum
1184 1117 1397 1197 ponit:
1447 1117 1633 1181 Herc.
1682 1117 1820 1180 Oet.
1870 1122 1947 1177 29
1994 1122 2155 1192 (non
2203 1116 2268 1180 in
2316 1117 2545 1180 ceteris
2592 1116 2780 1179 fabu-

270 1214 396 1303 lis)
469 1224 806 1302 ,damnare
851 1230 1116 1289 morte‘:
1185 1226 1374 1307 Herc,
1422 1226 1580 1289 Oet.
1629 1230 1768 1288 888.
1878 1225 2253 1288 Ablativum
2298 1226 2593 1303 ,tramite‘
2646 1245 2780 1289 non

271 1334 420 1412 legi,
478 1334 629 1397 nisi:
690 1336 876 1397 Herc.
935 1335 1073 1399 Oet.
1132 1340 1268 1399 676.
1299 1372 1364 1379 -
1432 1335 1690 1411 ,scelere
1736 1338 2057 1413 arguere‘:
2104 1334 2295 1399 Herc.
2342 1334 2484 1397 Oet.
2532 1340 2653 1397 878
2701 1372 2774 1381 —-

275 1444 502 1519 ,satis‘·
541 1443 916 1525 praesidia‘:
1007 1444 1192 1508 Here.
1261 1445 1400 1508 Oet.
1467 1449 1645 1508 1830.
1694 1482 1767 1489 —
1844 1443 1909 1505 Si
1988 1443 2391 1523 significatur
2453 1445 2779 1508 actionem

272 1552 446 1616 intra
493 1552 750 1632 longius
813 1553 1098 1633 spatium
1131 1556 1360 1615 ¹actam
1425 1572 1568 1615 esse
1612 1554 1761 1615 Sen.
1836 1572 2033 1633 saepe
2104 1551 2247 1615 solo
2319 1552 2605 1617 ablativo
2651 1553 2780 1615 uti-

272 1665 398 1739 tur,
450 1662 561 1725 sed
609 1662 798 1724 Herc.
849 1662 989 1725 Oet.
1044 1668 1201 1723 1423
1251 1662 1413 1740 legi:
1505 1666 1663 1743 ,toto
1711 1662 1774 1723 in
1824 1666 2023 1725 aevo‘.
2116 1661 2221 1741 (cf.
2272 1661 2413 1724 Oct..
2461 1663 2587 1743 97.)
2676 1662 2779 1725 Ad

272 1790 551 1839 causam·
593 1771 1080 1851 exprimendam
1130 1790 1463 1851 nunquam
1533 1770 2085 1851 praepositionem
2134 1775 2439 1852 ‚propter‘
2487 1770 2609 1851 legi
2656 1771 2776 1833 nisi

273 1878 460 1943 Herc.
509 1879 647 1957 Oet.
696 1886 836 1956 299,
890 1882 1094 1961 1298).
2621 1958 2626 1964 ,
2790 1871 2795 1879 ’

375 1992 381 1997 “
483 1990 695 2051 Affero
742 1990 960 2065 etiam,
1025 1989 1200 2069 quod
1249 1990 1380 2051 Leo
1453 2010 1554 2071 pg.
1605 1994 1684 2049 64
1748 2008 1933 2069 sequ,
1975 1988 2172 2052 vidit:
2264 1989 2351 2066 ,in
2396 1988 2585 2052 Herc.
2635 1989 2775 2052 Oet.

272 2097 594 2161 interdum
645 2082 1056 2179 pronominis
1091 2098 1479 2178 'personalis
1535 2117 1726 2160 casus
1774 2097 2111 2176 genetivus
2158 2098 2241 2161 ad
2288 2096 2777 2161 substantivum

273 2205 366 2269 ita
415 2206 682 2283 accedit,
764 2212 837 2269 ut
901 2206 1084 2269 ultro'
1139 2227 1282 2269 cum
1356 2206 1743 2289 pronomine
1814 2209 2153 2286 possesivo
2224 2207 2464 2270 mutari
2525 2208 2775 2289 possit.⁶

271 2298 415 2393 557,
465 2321 603 2392 954,
655 2322 834 2392 1217,
894 2321 1072 2379 1502.

477 2424 657 2487 Haec
705 2425 1170 2487 commentatio
1217 2426 1348 2487 iam
1394 2425 1562 2505 typis
1608 2424 2051 2488 mandabatur
2112 2444 2261 2488 cum
2306 2425 2437 2488 vidi
2484 2426 2566 2488 de
2609 2426 2775 2487 Her-

277 2531 418 2595 cule
466 2534 711 2595 Oetaeo
761 2552 998 2596 novam
1051 2534 1398 2613 protulisse
1459 2533 1847 2595 sententiam
1921 2534 1991 2595 P.
2042 2534 2275 2597 Melzer
2317 2533 2451 2613 (,de
2496 2533 2777 2596 Hercule

277 2641 522 2705 Oetaeo
575 2647 616 2704 Α
636 2647 957 2706 nnaeana‘
1001 2642 1340 2706 Clnemnitz
1373 2643 1578 2724 1890).
1672 2642 1797 2719 Qui
1845 2643 2110 2724 quidem
2156 2643 2345 2706 Herc,
2388 2642 2527 2706 Oet.
2575 2644 2776 2705 Sene-

277 2771 392 2814 cae
438 2751 934 2832 relinquendam
996 2771 1142 2836 esse
1205 2756 1442 2829 censet,
1507 2771 1907 2832 quamquam
1978 2753 2227 2814 nullam
2296 2752 2587 2815 omnium
2638 2755 2777 2814 An·-

277 2879 680 2922 naeanarum
743 2859 1231 2939 tragoediarum
1303 2881 1444 2922 esse
1490 2861 2027 2940 imperfectiorem
2108 2861 2429 2924 concedit.
2560 2861 2777 2942 Atque

272 2967 558 3030 ‚maxime
603 2988 681 3029 ex
727 2973 863 3031 arte
909 2968 1206 3032 scaenica
1271 2969 1396 3031 hoc
1473 2989 1542 3032 56
1587 2969 2036 3032 demonstrare
2096 2989 2293 3050 posse
2350 2973 2557 3050 putat.
2645 2971 2775 3035 Sed

274 3075 443 3139 hane
487 3077 802 3139 rationem
877 3097 1008 3139 non
1084 3083 1327 3140 certam
1373 3097 1517 3140 6556
1562 3078 1661 3140 vel
1726 3097 1805 3142 ex
1848 3098 1925 3141 ea
1972 3098 2038 3142 re
2085 3076 2520 3164 cognoscitur,
2594 3080 2771 3162 quod

275 3183 657 3247 Habrucker
717 3185 755 3249 l.
803 3206 853 3248 6.
903 3186 1136 3248 eadem
1183 3187 1286 3249 via
1366 3206 1525 3248 usus
1597 3187 2021 3266 posteriorem
2070 3187 2444 3268 tragoediae
2515 3193 2768 3268 partem

271 3311 405 3356 non
453 3314 491 3356 a
536 3295 784 3357 Seneca
831 3294 1146 3375 scriptum
1182 3315 1328 3358 esse
1372 3294 1633 3358 invenit.
1722 3295 1853 3358 Cur
1904 3301 2124 3358 autem
2156 3297 2319 3359 haec
2365 3295 2771 3359 Habruckeri

268 3403 598 3465 sententia
659 3403 779 3465 sihi
853 3403 1191 3484 displiceat
1260 3404 1415 3467 nihil
1475 3404 1661 3467 dicit·
1695 3404 1943 3468 Melzer.
2062 3405 2274 3467 Etiam
2340 3409 2569 3469 contra
2640 3405 2772 3469 dis-

265 3511 639 3590 crepantias
685 3511 750 3574 in
797 3531 1032 3594 genere
1093 3513 1385 3578 discendi
1467 3514 1630 3575 inter
1676 3513 1866 3577 Herc,
1916 3513 2059 3576 Oet.
2106 3518 2171 3576 et
2216 3517 2463 3576 ceteras
2509 3517 2768 3592 tragoe-

262 3619 412 3682 dias
456 3619 613 3692 nihil
664 3620 796 3684 fere
842 3621 1040 3684 habet
1069 3621 1244 3702 quod
1294 3621 1484 3685 dicat.
1575 3623 1863 3684 Leonem
1910 3642 2079 3685 sane·
2113 3626 2177 3684 et
2221 3621 2538 3703 imprimis
2567 3621 2769 3684 Rich-

269 3731 479 3790 terum-
527 3728 590 3790 in
614 3728 1079 3808 investigandis
1116 3728 1598 3820 discriminibus
1645 3730 1903 3810 longius
1950 3729 2344 3810 processisse
2391 3749 2526 3792 non
2572 3748 2770 3808 nega-

265 3837 492 3914 verim,
540 3841 831 3900 attamen
895 3837 1100 3900 multa
1145 3842 1206 3900 et
1252 3857 1330 3901 ea
1390 3838 1777 3918 gravissima
1832 3842 2100 3916 restant,
2166 3837 2405 3919 quibus
2452 3857 2603 3901 cum
2648 3856 2769 3917 ego
2863 3912 2867 3918 ¹

256 3945 576 4008 nonnulla
613 3965 793 4010 ⁴nova
840 3945 1207 4023 adiecerim,
1264 3945 1422 4008 mihi
1470 3947 1867 4028 persuadere
1912 3967 2045 4010 non
2106 3967 2379 4029 possum
2426 3947 2768 4029 ,posterio-

253 4072 393 4114 rem
443 4053 637 4116 huius
684 4052 1061 4132 tragoediae
1105 4057 1359 4134 partem
1408 4056 1491 4117 ab
1539 4057 1773 4120 eodem
1818 4055 2179 4136 profectam
2226 4074 2367 4118 esse
2413 4075 2547 4137 quo
2594 4059 2767 4118 cete-

260 4179 376 4222 rae
420 4161 795 4240 tragoediae
845 4165 1118 4241 excepta
1163 4161 1437 4226 Octavia
1490 4162 1771 4244 scriptae
1816 4164 1969 4226 sint.
